<?xml version='1.0' encoding='UTF-8'?>
<record xmlns="http://www.loc.gov/MARC21/slim">
  <leader>01606cam a2200313 a 4500</leader>
  <controlfield tag="001">183394</controlfield>
  <controlfield tag="003">NjP</controlfield>
  <controlfield tag="005">20170518130624.0</controlfield>
  <controlfield tag="008">831019s1904    le            000 1bara d</controlfield>
  <datafield tag="024" ind1="7" ind2=" ">
    <subfield code="a">princeton_aco003115</subfield>
    <subfield code="2">local</subfield>
  </datafield>
  <datafield ind1=" " ind2=" " tag="035">
    <subfield code="a">(OCoLC)ocn175351643</subfield>
  </datafield>
  <datafield ind1=" " ind2=" " tag="035">
    <subfield code="a">( CStRLIN)NJPG83-B70164</subfield>
  </datafield>
  <datafield ind1=" " ind2=" " tag="040">
    <subfield code="a">NjP</subfield>
    <subfield code="c">PUL</subfield>
    <subfield code="d">PUL</subfield>
  </datafield>
  <datafield ind1=" " ind2=" " tag="035">
    <subfield code="a">(OCoLC)175351643</subfield>
  </datafield>
  <datafield ind1=" " ind2=" " tag="035">
    <subfield code="a">(CStRLIN)NJPG83-B70164</subfield>
  </datafield>
  <datafield ind1=" " ind2=" " tag="035">
    <subfield code="9">AAZ8297TS</subfield>
  </datafield>
  <datafield ind1=" " ind2=" " tag="035">
    <subfield code="a">( NjP)183394</subfield>
  </datafield>
  <datafield ind1=" " ind2=" " tag="079">
    <subfield code="a">ocn122754636</subfield>
  </datafield>
  <datafield ind1=" " ind2=" " tag="049">
    <subfield code="a">PULL</subfield>
  </datafield>
  <datafield ind1="1" ind2=" " tag="100">
    <subfield code="6">880-01</subfield>
    <subfield code="a">Saʻādah, Rufūl.</subfield>
  </datafield>
  <datafield ind1="1" ind2="4" tag="245">
    <subfield code="6">880-02</subfield>
    <subfield code="a">al-ʻAql wa-al-dīn :</subfield>
    <subfield code="b">riwāyah adabīyah tārīkhīyah mawḍūʻuhā ḥayāt Mūsá al-mushtariʻ al-Isrāʼīlī al-ʻaẓīm wa-taḥrīr al-ʻibrānīyīn min ʻubūdīyat al-Miṣrīyīn wa-taʼsīs al-mamlakah al-Isrāʼīlīyah wa-al-sharīʻah al-mūsawīyah wa-maṣādiruhā /</subfield>
    <subfield code="c">Rufūl Saʻādah.</subfield>
  </datafield>
  <datafield ind1=" " ind2=" " tag="260">
    <subfield code="6">880-03</subfield>
    <subfield code="a">[Lebanon?] :</subfield>
    <subfield code="b">Ṭubiʻat fī Maṭbaʻat al-Munāẓir,</subfield>
    <subfield code="c">1904.</subfield>
  </datafield>
  <datafield ind1=" " ind2=" " tag="300">
    <subfield code="a">131 p. ;</subfield>
    <subfield code="c">21 cm.</subfield>
  </datafield>
  <datafield ind1="0" ind2="0" tag="600">
    <subfield code="a">Moses ( Biblical leader)</subfield>
    <subfield code="v">Fiction.</subfield>
  </datafield>
  <datafield ind1="1" ind2=" " tag="880">
    <subfield code="6">100-01/r</subfield>
    <subfield code="a">سعادة، رفول.</subfield>
  </datafield>
  <datafield ind1="1" ind2="2" tag="880">
    <subfield code="6">245-02/r</subfield>
    <subfield code="a">العقل والدين :</subfield>
    <subfield code="b">رواية ادبية تاريخية موضوعها حياة موسى المشترع الاسرائيلي العظيم وتحرير العبرانيين من عبودية المصريين وتأسيس المملكة الاسرائيلية والشريعة الموسوية ومصادرها /</subfield>
    <subfield code="c">رفول سعادة.</subfield>
  </datafield>
  <datafield ind1=" " ind2=" " tag="880">
    <subfield code="6">260-03/r</subfield>
    <subfield code="a">[لبنن؟] :</subfield>
    <subfield code="b">طبعة في مطبعة المناظر،</subfield>
    <subfield code="c">1904.</subfield>
  </datafield>
  <datafield ind1=" " ind2=" " tag="911">
    <subfield code="a">19921028</subfield>
  </datafield>
  <datafield ind1=" " ind2=" " tag="912">
    <subfield code="a">19900821000000.0</subfield>
  </datafield>
  <datafield ind1=" " ind2=" " tag="994">
    <subfield code="a">C0</subfield>
    <subfield code="b">PUL</subfield>
  </datafield>
  <datafield ind1=" " ind2=" " tag="999">
    <subfield code="a">183394</subfield>
  </datafield>
  <datafield ind1="0" ind2="0" tag="852">
    <subfield code="0">201983</subfield>
    <subfield code="b">rcppa</subfield>
    <subfield code="t">1</subfield>
    <subfield code="h">PJ7862.A243</subfield>
    <subfield code="i">A7</subfield>
    <subfield code="x">tr fr arab</subfield>
  </datafield>
  <datafield ind1=" " ind2=" " tag="959">
    <subfield code="a">2000-06-13 00:00:00 -0500</subfield>
  </datafield>
</record>
